@article{art:articulo1,
    author			= {Moneta Andrea},
    title			= {Architecture, Heritage, and the Metaverse},
    journal			= {Traditional Dwellings and Settlements Review},
    volume			= {32},
    number			= {2},
    pages			= {37-49},
    year			= {2020}, 
    howpublished	= {https://www.jstor.org/stable/27074915}}, 
    language        = {spanish},
}
 @article{art:articulo2,
    author			= {Jara Natasha,  Greene Margarita},
    title			= {Forgetting intangible values and community: The case of heritage conservation policies in Cuenca, Ecuador},
    journal			= {Journal of Urban Management}, 
    year			= {2024}, 
    howpublished	= {https://www.sciencedirect.com/science/article/pii/S2226585623000961}}, 
    language        = {spanish},
}
@article{art:articulo3,
    author			= {Xavier Cárdenas,Leonardo Todisco, Javier León, Carolina Jurado y Eliana Vergara},
    title			= {Geometry and Proportions of Adobe Vernacular Buildings in Cuenca, Ecuador},
    journal			= {International Journal of Architectural Heritage},
    volume			= {16},
    number			= {8},
    pages			= {1270-1288},
    year			= {2021}, 
    howpublished	= {https://www.tandfonline.com/doi/abs/10.1080/15583058.2021.1879312}}, 
    language        = {spanish},
}
@article{art:articulo4,
    author			= {Li Yuan, Zhao Long, Huang Jingxiong,
Law Andrew},
    title			= {Research frameworks, methodologies, and assessment methods concerning the adaptive reuse of architectural heritage: a review},
    journal			= {Built Heritage},
    volume			= {5},
    number			= {1},
    pages			= {1-10},
    year			= {2021}, 
    howpublished	= {https://link.springer.com/article/10.1186/s43238-021-00025-x}}, 
    language        = {spanish},
}
@article{art:articulo5,
    author			= {Lerma J, Heras V,Mora G,Rodas P, Matute F},
    title			= {Geoportal proposal for the inventory of cultural heritage in nabón (ecuador)},
    journal			= {The International Archives of the Photogrammetry, Remote Sensing and Spatial Information Sciences},
    volume			= {2},
    number			= {1},
    pages			= {1415-1418},
    year			= {2020}, 
    howpublished	= {https://isprs-archives.copernicus.org/articles/XLIII-B2-2020/1415/2020/isprs-archives-XLIII-B2-2020-1415-2020.html}}, 
    language        = {spanish},
}
@article{art:articulo6,
    author			= {Ernesto Ochoa, Antonio Pedrero, Mª de los Ángeles Navacerrada},
    title			= {The acoustic characteristics of heritage theaters in Quito-Ecuador},
    journal			= {Journal Applied Acoustics}, 
    pages			= {1877-1886},
    year			= {2021}, 
    howpublished	= {https://documentacion.sea-acustica.es/publicaciones/Madeira21/ID8.pdf}}, 
    language        = {spanish},
}
@article{art:articulo7,
    author			= {Yuan Li, Yanan Du, Mengsheng Yang, Jiaqi Liang, Huanxia Bai, Rui Li & Andrew Law },
    title			= {A review of the tools and techniques used in the digital preservation of architectural heritage within disaster cycles},
    journal			= {Heritage Science},
    volume			= {11}, 
    number			= {1},
    pages			= {1-20},
    year			= {2023}, 
    howpublished	= {https://link.springer.com/article/10.1186/s40494-023-01035-x}}, 
    language        = {spanish},
}

@article{art:articulo8,
    author			= {Juan Moncayo, Juan Nieto, Lara Leni, Silvana Bruno},
    title			= {Operability of Point Cloud Data in an Architectural Heritage Information Model},
    journal			= {International Journal of Architectural Heritage}, 
    volume			= {16},
    number			= {10},
    pages			= {1588-1607},
    year			= {2021}, 
    howpublished	= {https://www.tandfonline.com/doi/abs/10.1080/15583058.2021.1900951}}, 
    language        = {spanish},
}
@article{art:articulo9,
    author			= {Francesca Trizio, Julio Garcón},
    title			= {Above the Ravines: Flood Vulnerability Assessment of Earthen Architectural Heritage in Quito (Ecuador)},
    journal			= {Journal Applied Sciences},
    volume			= {12},
    number			= {23}, 
    year			= {2022}, 
    howpublished	= {https://www.mdpi.com/2076-3417/12/23/11932}}, 
    language        = {spanish},
}
@article{art:articulo10,
    author			= {Cristian Sagbaicela, José David Quizhpe Campoverde, Jorge Toledo Toledo},
    title			= {BIM management methodology for the documentation of architectural restoration projects: Case study of Cuenca-Ecuador},
    journal			= {AIP Conference Proceedings},
    volume			= {15}, 
    year			= {2022}, 
    howpublished	= {https://pubs.aip.org/aip/acp/article-abstract/2574/1/090004/2830070}}, 
    language        = {spanish},
}
@article{art:articulo11,
    author			= {F  López},
    title			= {Rehabilitation of the Guillespie house for heritage management offices in Quito, Ecuador},
    journal			= {Reconstruction and Restoration of Architectural Heritage 2021}, 
    year			= {2021}, 
    howpublished	= {https://www.taylorfrancis.com/chapters/edit/10.1201/9781003136804-48/rehabilitation-guillespie-house-heritage-management-offices-quito-ecuador-l%C3%B3pez-ulloa}}, 
    language        = {spanish},
}
@article{art:articulo12,
    author			= {Juan Jiménez, Rosa Quezada, José Calderón, Erika Ortega yHernán García},
    title			= {Characterisation of the built heritage of historic centres oriented to the assessment of its seismic vulnerability: The case of Cuenca, Ecuador},
    journal			= {International Journal of Disaster Risk Reduction},
    volume			= {71}, 
    year			= {2022}, 
    howpublished	= {https://www.sciencedirect.com/science/article/abs/pii/S2212420922000036}}, 
    language        = {spanish},
}
@article{art:articulo13,
    author			= {Raúl Hidalgo, Celene Milanes, Ofelia Peréz, Carlos Mestanza, Luca Nexar, David Loor, Roberto García, BenjaminCuker},
    title			= {A Sustainable Proposal for a Cultural Heritage Declaration in Ecuador: Vernacular Housing of Portoviejo},
    journal			= {Journal Sustainability},
    volume			= {15},
    number			= {2},
    pages			= {11-15},
    year			= {2023}, 
    howpublished	= {https://www.mdpi.com/2071-1050/15/2/1115}}, 
    language        = {spanish},
}
@article{art:articulo14,
    author			= {Pamela López, María Aguirre},
    title			= {Protocolos técnicos de conservación patrimonial desde el análisis de riesgos y vulnerabilidades. El caso de la arquitectura vernácula de Quingeo (Azuay, Ecuador)},
    journal			= {Arqueología de la Arquitectura},
    volume			= {20}, 
    year			= {2023}, 
    howpublished	= {https://arqarqt.revistas.csic.es/index.php/arqarqt/article/view/302}}, 
    language        = {spanish},
}
@article{art:articulo15,
    author			= {G Barsallo, C Achig},
    title			= {Preventive conservation plan for the chapel of susudel, Ecuador},
    journal			= {The International Archives of the Photogrammetry, Remote Sensing and Spatial Information Sciences},
    volume			= {54},
    number			= {1},
    pages			= {9–12},
    year			= {2020}, 
    howpublished	= {https://isprs-archives.copernicus.org/articles/XLIV-M-1-2020/811/2020/isprs-archives-XLIV-M-1-2020-811-2020.pdf}}, 
    language        = {spanish},
}
@article{art:articulo16,
    author			= {Gema Zamora, María Aguirre},
    title			= {Considerations on the Vulnerability of Architectural Heritage. Case Study: the Church of El Sagrario, Cuenca, Ecuador},
    journal			= {Intervención (México DF)},
    volume			= {11},
    number			= {21}, 
    year			= {2020}, 
    howpublished	= {https://www.scielo.org.mx/scielo.php?pid=S2007-249X2020000100257&script=sci_arttext&tlng=en}}, 
    language        = {spanish},
}
@article{art:articulo17,
    author			= {G García,A Tenze, C Achig},
    title			= {Role of the university in maintaining vernacular heritage buildings in the souther},
    journal			= {Journal Preventive Conservation - From Climate and damafe monitoring to a systemic},
    volume			= {5},
    number			= {1},
    pages			= {1-10},
    year			= {2020}, 
    howpublished	= {https://books.google.es/books?hl=es&lr=&id=0ynvDwAAQBAJ&oi=fnd&pg=PA103&dq=Ecuadorian+architectural+heritage&ots=8-aOKc3xYv&sig=NBfNHYNwsgfnbdeF_zx8P_mTXTE#v=onepage&q=Ecuadorian%20architectural%20heritage&f=false}}, 
    language        = {spanish},
}
@article{art:articulo18,
    author			= {G García,A Tenze, C Achig},
    title			= {The role of the university in maintaining vernacular heritage buildings in the southern region of Ecuador},
    journal			= {Heritage Management & Conservation}, 
    year			= {2020}, 
    howpublished	= {https://www.taylorfrancis.com/chapters/edit/10.1201/9781003004042-15/role-university-maintaining-vernacular-heritage-buildings-southern-region-ecuador-garc%C3%ADa-tenze-achig}}, 
    language        = {spanish},
}
@article{art:articulo19,
    author			= {Xavier Cárdenas,Nicola Tarque,Leonardo Todisco,Javier León},
    title			= {Loss Estimation for Typical Adobe Façades of Cuenca (Ecuador) Due to Earthquake Scenarios},
    journal			= {International Journal of Architectural Heritage},
    volume			= {17},
    number			= {5},
    pages			= {788-814},
    year			= {2023}, 
    howpublished	= {https://www.tandfonline.com/doi/abs/10.1080/15583058.2021.1977417}}, 
    language        = {spanish},
}
@article{art:articulo20,
    author			= {María Zambrano, Mario Gonzales, Ana Medina, Patricia Acosta},
    title			= {Modern architecture in the
professional discourse: analysis of the Architectural Biennial of Quito’s 1976–92 archive using bipartite networks},
    journal			= {Digital Scholarship in the Humanities}, 
    pages			= {1-16},
    year			= {2021}, 
    howpublished	= {https://www.researchgate.net/profile/Patricia-Acosta-Vargas/publication/355955312_Modern_architecture_in_the_professional_discourse_analysis_of_the_Architectural_Biennial_of_Quito's_1976-92_archive_using_bipartite_networks/links/6186156ad7d1af224bb9b51a/Modern-architecture-in-the-professional-discourse-analysis-of-the-Architectural-Biennial-of-Quitos-1976-92-archive-using-bipartite-networks.pdf}}, 
    language        = {spanish},
}
@article{art:articulo21,
    author			= {María Aguirre, Paula Rodas, Paulina García},
    title			= {A Bridge with No Name: The Controversial Resignificance of Urban Architectural Heritage from a Gender Perspective in Cuenca (Ecuador)},
    journal			= {Journal Heritage},
    volume			= {6},
    number			= {5},
    pages			= {4411-4433},
    year			= {2023}, 
    howpublished	= {https://www.mdpi.com/2571-9408/6/5/233}}, 
    language        = {spanish},
}

@article{art:articulo22,
    author			= {Barsallo G,Cardoso F,Vazquez L},
    title			= {An experience aimed at promoting vernacular building culture in susudel (Ecuador)},
    journal			= {The International Archives of the Photogrammetry, Remote Sensing and Spatial Information Sciences},
    volume			= {1},
    number			= {1},
    pages			= {623-628},
    year			= {2020}, 
    howpublished	= {https://isprs-archives.copernicus.org/articles/XLIV-M-1-2020/623/2020/isprs-archives-XLIV-M-1-2020-623-2020.html}}, 
    language        = {spanish},
}
@article{art:articulo23,
    author			= {Paúl Carrión, , Fernando Morante, Gricelda Herrera, Alfonso Maldonado, Nataly Paz-Salas},
    title			= {The Context of Ecuador’s World Heritage, for Sustainable Development Strategies},
    journal			= {International Journal of Design & Nature and Ecodynamics},
    volume			= {15},
    number			= {1},
    pages			= {39-46},
    year			= {2020}, 
    howpublished	= {https://www.researchgate.net/profile/Nataly-Paz/publication/339817915_The_Context_of_Ecuador's_World_Heritage_for_Sustainable_Development_Strategies/links/604d5dbd458515e529a79d07/The-Context-of-Ecuadors-World-Heritage-for-Sustainable-Development-Strategies.pdf}}, 
    language        = {spanish},
}
@article{art:articulo24,
    author			= {Lenin Lara Calderón, David Sanz,Arauz Sol, Inés del Pino},
    title			= {Characterization and Analysis of the Mortars of the Church of Santo Domingo in Quito (Ecuador)},
    journal			= {Journal Heritage},
    volume			= {5},
    number			= {4},
    pages			= {4024-4036},
    year			= {2022}, 
    howpublished	= {https://www.mdpi.com/2571-9408/5/4/207}}, 
    language        = {spanish},
}

@article{art:articulo25,
    author			= {Javier Cardet, Elizabeth Miranda, Lenin Velastegui,Pablo Nuñez},
    title			= {“La Tejería” Festival: influence on the vernacula architecture of Poaló. Píllaro. Ecuador},
    journal			= {Modulo arquitectura cuc},
    volume			= {27}, 
    pages			= {9–34},
    year			= {2021}, 
    howpublished	= {https://revistascientificas.cuc.edu.co/moduloarquitecturacuc/article/download/3435/3410/24519}}, 
    language        = {spanish},
}
@article{art:articulo26,
    author			= {A Tenze, F Cardoso, C Achig},
    title			= {Experiences of social participation in the recovery of vernacular heritage in southern Ecuador},
    journal			= {Int. Arch. Photogramm. Remote Sens. Spatial },
    volume			= {51},
    number			= {1},
    pages			= {603–610},
    year			= {2020}, 
    howpublished	= {https://isprs-archives.copernicus.org/articles/XLIV-M-1-2020/603/2020/isprs-archives-XLIV-M-1-2020-603-2020.html}}, 
    language        = {spanish},
}
@article{art:articulo27,
    author			= {Catalina Verdugo, Silvia Montufar, Erica Andino, María Chávez, Myriam Piray, Camila Paredes },
    title			= {Cultural heritagepotentialas a contribution to the tourism development of Montecristi, Ecuador},
    journal			= {Revista},
    volume			= {16},
    number			= {3},
    pages			= {1916-1939},
    year			= {2023}, 
    howpublished	= {https://versita.com/menuscript/index.php/Versita/article/view/1498/1508}}, 
    language        = {spanish},
}
@article{art:articulo28,
    author			= {A Collado, V Heras, P Rodas, A Delgado, C Carrión, G Mora, and J Lerma},
    title			= {Geomatics documentation techniques as monitoring tools for rural built heritage in nabón (Ecuador)},
    journal			= {ISPRS Annals of the Photogrammetry, Remote Sensing and Spatial Information Sciences},
    volume			= {8},
    number			= {1},
    pages			= {65-72},
    year			= {2021}, 
    howpublished	= {https://isprs-annals.copernicus.org/articles/VIII-M-1-2021/65/2021/isprs-annals-VIII-M-1-2021-65-2021.html}}, 
    language        = {spanish},
}
@article{art:articulo29,
    author			= {Li Yuan, Zhao Long, Huang Jingxiong,
Law Andrew},
    title			= {Considerations on the Vulnerability of Architectural Heritage. Case study: the Church of El Sagrario, Cuenca, Ecuador},
    journal			= {Journal Intervención},
    volume			= {21},
    number			= {1},
    pages			= {:257-293},
    year			= {2020}, 
    howpublished	= {https://oa.upm.es/65794/1/INVE_MEM_2020_323541.pdf}}, 
    language        = {spanish},
}
@article{art:articulo30,
    author			= {Jamieson Ross},
    title			= {Hacienda ruins as sites of difficult memory in Chimborazo, Ecuador},
    journal			= {Journal of Social Archaeology},
    volume			= {14},
    number			= {2},
    pages			= {224-243},
    year			= {2024}, 
    howpublished	= {https://journals.sagepub.com/doi/abs/10.1177/1469605314521275}}, 
    language        = {spanish},
}
@article{art:articulo31,
    author			= {Llerena-Izquierdo Joe,
Cedeño  Luiggi },
    title			= {Photogrammetry and Augmented Reality to Promote the Religious Cultural Heritage of San Pedro Cathedral in Guayaquil, Ecuador},
    journal			= {Communications in Computer and Information Science},
    volume			= {1},
    number			= {1},
    pages			= {593-606},
    year			= {2020}, 
    howpublished	= {https://link.springer.com/chapter/10.1007/978-3-030-42520-3_47}}, 
    language        = {spanish},
}

@article{art:articulo32,
    author			= {Hayes Matthew},
    title			= {The coloniality of UNESCO’s heritage urban landscapes: Heritage process and transnational gentrification in Cuenca, Ecuador},
    journal			= {Urban Studies},
    volume			= {557},
    number			= {15},
    pages			= {3060-3077},
    year			= {2020}, 
    howpublished	= {https://journals.sagepub.com/doi/full/10.1177/0042098019888441}}, 
    language        = {spanish},
}
@article{art:articulo33,
    author			= {Andrea Muñoz, Gabriela Maldonado },
    title			= {The challenges of natural and cultural heritages of Galapagos and Quito, Ecuador},
    journal			= {Tourism planning and development in Latin America}, 
    year			= {2020}, 
    howpublished	= {https://www.cabidigitallibrary.org/doi/abs/10.1079/9781789243048.0086}}, 
    language        = {spanish},
}

@article{art:articulo34,
    author			= {Darío Bustán, Manuel Ayala, Jorge Buele , Patricia Jara, Genís Riba},
    title			= {Natural lighting performance of vernacular architecture, case study oldtown Pasa, Ecuador},
    journal			= {Energy Conversion and Management: X},
    volume			= {20}, 
    year			= {2023}, 
    howpublished	= {https://www.sciencedirect.com/science/article/pii/S2590174523001502}}, 
    language        = {spanish},
}

@article{art:articulo35,
    author			= {Jessenia Moreno, Ariadna Gassiot-Melian, Lluís Coromina},
    title			= {Perceived value in a UNESCO World Heritage Site: the case of Quito, Ecuador},
    journal			= {Journal of Cultural Heritage Management and Sustainable Development}, 
    year			= {2022}, 
    howpublished	= {https://www.emerald.com/insight/content/doi/10.1108/JCHMSD-03-2022-0049/full/html}}, 
    language        = {spanish},
}
@article{art:articulo36,
    author			= {Alfonso Espinoza, Luis Saltos},
    title			= {Master Heritage Plans as a technical instrument for the preservation and enhancement of Ecuador's cultural heritage},
    journal			= {ArTeS: Architecture, Technology and Sustainability},
    volume			= {1},
    number			= {1},
    pages			= {26-34},
    year			= {2022}, 
    howpublished	= {https://revistas.ug.edu.ec/index.php/artes/article/view/1678}}, 
    language        = {spanish},
}

@article{art:articulo37,
    author			= {Meghini Carlo, Manitsaris Sotiris,
Dubois Arnaud, Ninoshka  Ingrid, Dolores Teruel, María
Miranda, Sabrina Irina},
    title			= {Visual Identity Based on Ancestral Iconography: A Strategy for Re-Evaluation of the Caranqui Cultural Heritage in the Gualimán Archaeological Site (Ecuador)},
    journal			= {Journal Heritage},
    volume			= {5},
    number			= {4},
    pages			= {3463-3478},
    year			= {2022}, 
    howpublished	= {https://www.mdpi.com/2571-9408/5/4/178}}, 
    language        = {spanish},
}

@article{art:articulo38,
    author			= {Marco Reinoso, María Aguirre},
    title			= {Sustainability Assessment Methods in Existing Buildings: Comparative Analysis in Heritage Assets Signed for Public Use in Girón, Ecuador},
    journal			= {IOP Conference Series: Materials Science and Engineering},
    volume			= {12},
    number			= {3}, 
    year			= {2021}, 
    howpublished	= {https://iopscience.iop.org/article/10.1088/1757-899X/1203/3/032128/meta}}, 
    language        = {spanish},
}

@article{art:articulo39,
    author			= {Richard Lunniss},
    title			= {Late Formative Shamans of the Ecuadorian Coast: Architectural, Mortuary, and Artifactual Evidence from Salango in the Middle and Late Engoroy Phases (600–100 BC)},
    journal			= {Journal of the Institute of Andean Studies},
    volume			= {42},
    number			= {2},
    pages			= {143-186},
    year			= {2020}, 
    howpublished	= {https://www.tandfonline.com/doi/abs/10.1080/00776297.2020.1834203}}, 
    language        = {spanish},
}

@article{art:articulo40,
    author			= {Lenin Lara,Inés del Pino,Sol López, David Sanz},
    title			= {Characterization and Analysis of the Mortars of the Church of San Francisco of Quito (Ecuador)},
    journal			= {Journal Heritage},
    volume			= {6},
    number			= {12},
    pages			= {7495-7507},
    year			= {2023}, 
    howpublished	= {https://www.mdpi.com/2571-9408/6/12/393}}, 
    language        = {spanish},
} 